@incollection{Bengio+chapter2007,
author = {Bengio, Yoshua and LeCun, Yann},
booktitle = {Large Scale Kernel Machines},
publisher = {MIT Press},
title = {Scaling Learning Algorithms Towards {AI}},
year = {2007}
}

@article{Hinton06,
author = {Hinton, Geoffrey E. and Osindero, Simon and Teh, Yee Whye},
journal = {Neural Computation},
pages = {1527--1554},
title = {A Fast Learning Algorithm for Deep Belief Nets},
volume = {18},
year = {2006}
}

@book{goodfellow2016deep,
title={Deep learning},
author={Goodfellow, Ian and Bengio, Yoshua and Courville, Aaron and Bengio, Yoshua},
volume={1},
year={2016},
publisher={MIT Press}
}

@article{leibig2017leveraging,
  title={Leveraging uncertainty information from deep neural networks for disease detection},
  author={Leibig, Christian and Allken, Vaneeda and Ayhan, Murat Se{\c{c}}kin and Berens, Philipp and Wahl, Siegfried},
  journal={Scientific reports},
  volume={7},
  number={1},
  pages={1--14},
  year={2017},
  publisher={Springer}
}

@article{kingma2014adam,
  title={Adam: A method for stochastic optimization},
  author={Kingma, Diederik P and Ba, Jimmy},
  journal={arXiv preprint arXiv:1412.6980},
  year={2014}
}

@article{band2022benchmarking,
  title={Benchmarking bayesian deep learning on diabetic retinopathy detection tasks},
  author={Band, Neil and Rudner, Tim GJ and Feng, Qixuan and Filos, Angelos and Nado, Zachary and Dusenberry, Michael W and Jerfel, Ghassen and Tran, Dustin and Gal, Yarin},
  journal={arXiv preprint arXiv:2211.12717},
  year={2022}
}

@article{d2021repulsive,
  title={Repulsive deep ensembles are bayesian},
  author={D'Angelo, Francesco and Fortuin, Vincent},
  journal={Advances in Neural Information Processing Systems},
  volume={34},
  pages={3451--3465},
  year={2021}
}

@article{ulmer2023prior,
  title={Prior and posterior networks: A survey on evidential deep learning methods for uncertainty estimation},
  author={Ulmer, Dennis and Hardmeier, Christian and Frellsen, Jes},
  journal={arXiv preprint arXiv:2110.03051},
  volume={1},
  number={3},
  year={2023}
}

